@BOOK{bda3,
  AUTHOR =       "Andrew Gelman and Jon B. Carlin and Hal S. Stern and David B. Dunson and Aki Vehtari and Donald B. Rubin",
  TITLE =        "Bayesian Data Analysis",
  PUBLISHER =    "CRC Press",
  YEAR =         2013,
  EDITION =      "Third"
}

@BOOK{gelman:book,
  AUTHOR =       "Andrew Gelman and Jennifer Hill",
  TITLE =        "Data Analysis Using Regression and Multilevel/Hierarchical Models",
  PUBLISHER =    "Cambridge",
  YEAR =         2007,
  EDITION =      "First"
}

@BOOK{kruschke,
  AUTHOR =       "John K. Kruschke",
  TITLE =        "Doing Bayesian Data Analysis: A Tutorial with R, JAGS, and Stan",
  PUBLISHER =    "Elsevier",
  YEAR =         2015,
  EDITION =      "Second"
}

@article{pymc3,
  author = "Salvatier J. and Wiecki T.V. and Fonnesbeck C.",
  title = "Probabilistic programming in Python using PyMC3.",
  journal = "PeerJ Computer Science",
  year = 2016,
  volume = "2:e55",
  doi = {10.7717/peerj-cs.55}
}

@article{seasonality,
author = "George A. Barnet and Hsiu-Jung Chang and Edward L. Fink and William D. Richard, Jr.",
title = "Seasonality in Television Viewing: A Mathematical Model of Cultural Processes",
journal = "Communication Research",
year = "1991",
volume = "18",
pages = "755-772"
}

@article{tvforecasting,
author = "Peter J. Danaher and Tracey S. Dagger and Michael S. Smith",
title = "Forecasting television ratings",
journal = "International Journal of Forecasting",
year = "2011",
volume = "27",
pages = "1215-1240"
}

@article{tvforecasting:logit,
author = "Peter J. Danaher and Tracey S. Dagger",
title = "Using a nested logit model to forecast television ratings",
journal = "International Journal of Forecasting",
year = "2012",
volume = "28",
pages = "607-622"
}

@article{crps,
author = "Jochen Br{\"o}cker",
title = "Evaluating raw ensembles with the continuous ranked probability score",
journal = "Quarterly Journal of the Royal Meteorological Society",
year = "2012",
volume = "138",
pages = "1611-1617"
}


@article{comptv,
author = "Dennis Gensch and Paul Shaman",
title = "Models of Competitive Television Ratings",
journal = "Journal of Marketing Research",
year = "1980",
volume = "17",
pages = "307-315"
}

@article{cauchy,
author = "Joyee Ghosh and Yingbo Li and Robin Mitra",
title = "On the Use of Cauchy Prior Distributions for Bayesian Logistic Regression",
journal = "Journal of Marketing Research",
year = "1980",
volume = "17",
pages = "307-315"
}

@ARTICLE{cauchy:priors,
   author = {{Ghosh}, J. and {Li}, Y. and {Mitra}, R.},
    title = "{On the Use of Cauchy Prior Distributions for Bayesian Logistic Regression}",
  journal = {ArXiv e-prints},
archivePrefix = "arXiv",
   eprint = {1507.07170},
 primaryClass = "stat.ME",
 keywords = {Statistics - Methodology},
     year = 2015,
    month = jul,
   adsurl = {http://adsabs.harvard.edu/abs/2015arXiv150707170G},
  adsnote = {Provided by the SAO/NASA Astrophysics Data System}
}

@article{gelman:prior,
author = "Andrew Gelman",
title = "Prior distributions for variance parameters in hierarchical models",
journal = "Bayesian Analysis",
year = "2006",
volume = "1",
pages = "515-533"
}

@article{gelman:prior,
author = "Andrew Gelman and Yuri Goegebeur and Francis Tuerlinckx and Iven Van Mechelen",
title = "Diagnostic checks for discrete data regression models using posterior predictive simulations",
journal = "Applied Statistics",
year = "2000",
volume = "49",
pages = "247-268"
}

@online{calendar,
  title = "Broadcast Calendar / Nielsen Survey Dates",
  howpublished = "https://web.archive.org/web/20111007010739/http://www.tvb.org/planning_buying/179695/5658",
  note = {Accessed: 2018-04-03}
}

@article{ppc:assessments,
author = "Martin J. Green and Graham F. Medley and William J. Browne",
title = "Use of posterior predictive assessments to evaluate model fit in multlevel logistic regression",
journal = "EDP Sciences",
year = "2009",
doi = {10.1051/vetres/2009013}
}

@article{predictive:utility,
author = "Aki Vehtari and Janne Ojanen",
title = "A survey of Bayesian predictive methods for model assessment, selection, and comparison",
journal = "Statistics Surveys",
year = "2012",
volume = "6",
pages = "142-228"
}
